<?xml version="1.0" encoding="UTF-8"?><collection xmlns="http://www.loc.gov/MARC21/slim"><record><leader>00573nam--2200193-i-4500</leader><controlfield tag="001">000040122</controlfield><controlfield tag="002">20161230</controlfield><controlfield tag="005">20161230201042</controlfield><controlfield tag="008">060222s1000------------r-----000-0-rum-d</controlfield><datafield ind1=" " ind2=" " tag="040"><subfield code="a">IFIN-HH</subfield></datafield><datafield ind1=" " ind2=" " tag="041"><subfield code="a">rum</subfield></datafield><datafield ind1=" " ind2=" " tag="080"><subfield code="a">001.89:5</subfield></datafield><datafield ind1="1" ind2=" " tag="100"><subfield code="a">Salam,Abdus</subfield></datafield><datafield ind1="1" ind2="0" tag="245"><subfield code="a">Stiinta, bun al intregii omeniri</subfield><subfield code="b">Prefata: iona ursu, selectia textelor, traducere si note: gheorghe statan, postfata: marin ivascu</subfield><subfield code="c">Abdus salam</subfield></datafield><datafield ind1=" " ind2=" " tag="260"><subfield code="a">Bucuresti</subfield><subfield code="b">Editura Politica</subfield><subfield code="c">1985</subfield></datafield><datafield ind1=" " ind2=" " tag="300"><subfield code="a">238 P</subfield></datafield><datafield ind1=" " ind2=" " tag="490"><subfield code="a">Idei Contemporane</subfield></datafield><datafield ind1=" " ind2=" " tag="852"><subfield code="a">73066</subfield></datafield><datafield ind1=" " ind2=" " tag="CAT"><subfield code="a">Sys</subfield><subfield code="c">20111209</subfield><subfield code="h">130448</subfield></datafield></record></collection>